@misc{ stopwords,
	title = "Common Stop Words",
	note = "\url{http://www.ranks.nl/stopwords/}[Online; accessed 12-December-2016]"
}
@inproceedings{oshiro2012many,
  title={How many trees in a random forest?},
  author={Oshiro, Thais Mayumi and Perez, Pedro Santoro and Baranauskas, Jos{\'e} Augusto},
  booktitle={International Workshop on Machine Learning and Data Mining in Pattern Recognition},
  pages={154--168},
  year={2012},
  organization={Springer}
}
@inproceedings{latinne2001limiting,
  title={Limiting the number of trees in random forests},
  author={Latinne, Patrice and Debeir, Olivier and Decaestecker, Christine},
  booktitle={International Workshop on Multiple Classifier Systems},
  pages={178--187},
  year={2001},
  organization={Springer}
}

